@article{einstein1905,
  title={Zur elektrodynamik bewegter k{\"o}rper},
  author={Einstein, Albert},
  journal={Annalen der physik},
  volume={17},
  number={10},
  pages={891--921},
  year={1905},
  publisher={Wiley Online Library}
}

@book{newton1687,
  title={Philosophi{\ae} naturalis principia mathematica},
  author={Newton, Isaac},
  year={1687},
  publisher={Jussu Societatis Regi{\ae} ac Typis Joseph Streater}
}
